<ns0:searchRetrieveResponse xmlns:ns0="http://www.loc.gov/zing/srw/" xmlns:ns1="http://www.loc.gov/zing/cql/xcql/" xmlns:ns2="http://www.loc.gov/zing/srw/diagnostic/" xmlns:ns3="info:srw/extension/2/auth-1.0" xmlns:ns4="info:srw/extension/5/metadata-grouping-v1.0">
    <ns0:version>1.1</ns0:version>
    <ns0:numberOfRecords>2</ns0:numberOfRecords>
    <ns0:resultSetId>SIDce3396a6-2S1657</ns0:resultSetId>
    <ns0:records>
    


<ns0:record>
<ns0:recordSchema>uni_b</ns0:recordSchema>
<ns0:recordPacking>xml</ns0:recordPacking>
<ns0:recordData>
<record>
<controlfield tag="005">00000000000000.000</controlfield>
<leader>     cam0 22        450 </leader>
<controlfield tag="001">269631593</controlfield>
<controlfield tag="003">http://www.sudoc.fr/269631593</controlfield>
<datafield tag="100" ind1=" " ind2=" "><subfield code="a">00000000d2023    |||||frey50      ba</subfield></datafield>
<datafield tag="105" ind1=" " ind2=" "><subfield code="a">y   |||||||||</subfield></datafield>
<datafield tag="200"><subfield code="a">Art islamique, art d'Asie</subfield>
<subfield code="e">vente aux ench&#232;res publiques, Drouot Richelieu, vendredi 21 avril 2023</subfield></datafield>
<datafield tag="701"><subfield code="a">Beaussant</subfield>
<subfield code="b">&#201;ric</subfield></datafield>
<datafield tag="701"><subfield code="a">Lef&#232;vre</subfield>
<subfield code="b">Pierre-Yves</subfield>
<subfield code="c">commissaire-priseur</subfield></datafield>
<datafield tag="701"><subfield code="a">Moras</subfield>
<subfield code="b">Arthur de</subfield></datafield>
<datafield tag="701"><subfield code="a">Heraud</subfield>
<subfield code="b">Vincent</subfield></datafield>
<datafield tag="701"><subfield code="a">Lavignon</subfield>
<subfield code="b">Th&#233;o</subfield>
<subfield code="c">commissaire-priseur</subfield></datafield>
<datafield tag="701"><subfield code="a">Imbault</subfield>
<subfield code="b">Michel</subfield></datafield>
<datafield tag="701"><subfield code="a">Renard</subfield>
<subfield code="b">Alexis</subfield>
<subfield code="c">expert</subfield>
<subfield code="c">marchand d'art</subfield></datafield>
<datafield tag="701"><subfield code="a">Josseaume</subfield>
<subfield code="b">Alice</subfield></datafield>
<datafield tag="801" ind1=" " ind2="3"><subfield code="a">FR</subfield>
<subfield code="b">Abes</subfield>
<subfield code="c">00000000</subfield>
<subfield code="g">AFNOR</subfield></datafield></record></ns0:recordData><ns0:recordPosition>1</ns0:recordPosition></ns0:record>