

<ns0:record>
<ns0:recordSchema>uni_b</ns0:recordSchema>
<ns0:recordPacking>xml</ns0:recordPacking>
<ns0:recordData>
<record>
<controlfield tag="005">00000000000000.000</controlfield>
<leader>     cam0 22        450 </leader>
<controlfield tag="001">261965441</controlfield>
<controlfield tag="003">http://www.sudoc.fr/261965441</controlfield>
<datafield tag="100" ind1=" " ind2=" "><subfield code="a">00000000d2022    |||||frey50      ba</subfield></datafield>
<datafield tag="105" ind1=" " ind2=" "><subfield code="a">y   |||||||||</subfield></datafield>
<datafield tag="200"><subfield code="a">In&#233;galit&#233; de genre dans l'enseignement et la formation professionnels</subfield></datafield>
<datafield tag="700"><subfield code="a">Benet Rivi&#232;re</subfield>
<subfield code="b">Joachim</subfield>
<subfield code="f">19..-....</subfield>
<subfield code="c">sociologue</subfield></datafield>
<datafield tag="701"><subfield code="a">Depoilly</subfield>
<subfield code="b">S&#233;verine</subfield></datafield>
<datafield tag="701"><subfield code="a">Collet</subfield>
<subfield code="b">Isabelle</subfield></datafield>
<datafield tag="701"><subfield code="a">Divay</subfield>
<subfield code="b">Sophie</subfield></datafield>
<datafield tag="701"><subfield code="a">Divert</subfield>
<subfield code="b">Nicolas</subfield></datafield>
<datafield tag="701"><subfield code="a">Gu&#233;lat</subfield>
<subfield code="b">Oph&#233;lie</subfield></datafield>
<datafield tag="701"><subfield code="a">Kergoat</subfield>
<subfield code="b">Prisca</subfield></datafield>
<datafield tag="701"><subfield code="a">Kuehni</subfield>
<subfield code="b">Morgane</subfield></datafield>
<datafield tag="701"><subfield code="a">Lamamra</subfield>
<subfield code="b">Nadia</subfield></datafield>
<datafield tag="701"><subfield code="a">Lem&#234;tre</subfield>
<subfield code="b">Claire</subfield></datafield>
<datafield tag="701"><subfield code="a">Lermusiaux</subfield>
<subfield code="b">Alice</subfield></datafield>
<datafield tag="701"><subfield code="a">Maillard</subfield>
<subfield code="b">Fabienne</subfield>
<subfield code="c">Membre du jury d'une th&#232;se de doctorat en Sciences de l'&#233;ducation et de la formation</subfield></datafield>
<datafield tag="701"><subfield code="a">Morley</subfield>
<subfield code="b">Chantal</subfield></datafield>
<datafield tag="701"><subfield code="a">Orange</subfield>
<subfield code="b">Sophie</subfield></datafield>
<datafield tag="701"><subfield code="a">Renard</subfield>
<subfield code="b">Fanny</subfield></datafield>
<datafield tag="701"><subfield code="a">Rey</subfield>
<subfield code="b">S&#233;verine</subfield></datafield>
<datafield tag="701"><subfield code="a">Roll</subfield>
<subfield code="b">Sandrine</subfield></datafield>
<datafield tag="801" ind1=" " ind2="3"><subfield code="a">FR</subfield>
<subfield code="b">Abes</subfield>
<subfield code="c">00000000</subfield>
<subfield code="g">AFNOR</subfield></datafield>
<datafield tag="225"><subfield code="a">&#152;Le &#156;regard sociologique</subfield></datafield></record></ns0:recordData><ns0:recordPosition>2</ns0:recordPosition></ns0:record>
</ns0:records>
    <ns0:echoedSearchRetrieveRequest>
	<ns0:version>1.1</ns0:version>
	<ns0:query>aut%3DRenard+alice+and+apu%3E2021</ns0:query>
	<ns0:xQuery><ns1:triple><ns1:boolean> <ns1:value>and</ns1:value></ns1:boolean><ns1:leftOperand><ns1:triple><ns1:boolean> <ns1:value>and</ns1:value></ns1:boolean><ns1:leftOperand><ns1:searchClause><ns1:index>aut</ns1:index><ns1:relation><ns1:value>=</ns1:value></ns1:relation><ns1:term>Renard</ns1:term></ns1:searchClause></ns1:leftOperand><ns1:rightOperand><ns1:searchClause><ns1:index>aut</ns1:index><ns1:relation><ns1:value>=</ns1:value></ns1:relation><ns1:term>alice</ns1:term></ns1:searchClause></ns1:rightOperand></ns1:triple></ns1:leftOperand><ns1:rightOperand><ns1:searchClause><ns1:index>apu</ns1:index><ns1:relation><ns1:value>&gt;</ns1:value></ns1:relation><ns1:term>2021</ns1:term></ns1:searchClause></ns1:rightOperand></ns1:triple></ns0:xQuery>
	<startRecord>1</startRecord>
	<maximumRecords>100</maximumRecords>
	<ns0:recordPacking>xml</ns0:recordPacking>
	<ns0:recordSchema>uni_b</ns0:recordSchema>
	
	<ns0:stylesheet>/cbs/sru/DB=2.1/?xsl=searchRetrieveResponse</ns0:stylesheet>
    </ns0:echoedSearchRetrieveRequest>
    <ns2:diagnostics>
        <ns2:uri>info:srw/diagnostic/1/0</ns2:uri>
	
	
    </ns2:diagnostics>
    <ns0:extraResponseData>
	
        <ns3:authenticationToken>U11506,Klecteursru,D2.1,Ed309d1e2-0,I1,B341720001+,SY,A%5C9008+1,,J,H2-26,,29,,34,,39,,44,,49-50,,53-78,,80-87,NLECTEUR+WEBSRU,Rwww.sudoc.abes.fr,FN</ns3:authenticationToken>
        <ns4:resultGrouping>
	    
	    
	</ns4:resultGrouping>
    </ns0:extraResponseData>
</ns0:searchRetrieveResponse>